<record><leader>00000cas a22000007a 4500</leader><controlfield tag="001">1755468</controlfield><controlfield tag="008">751101d18801967mnuwr ne      0    0eng  </controlfield><datafield ind1=" " ind2=" " tag="010"><subfield code="a">sn 83016582 </subfield></datafield><datafield ind1=" " ind2=" " tag="040"><subfield code="a">DLC</subfield><subfield code="b">eng</subfield><subfield code="c">MUL</subfield><subfield code="d">DLC</subfield><subfield code="d">MN#</subfield><subfield code="d">OCLCQ</subfield><subfield code="d">OCLCF</subfield><subfield code="d">OCLCO</subfield></datafield><datafield ind1="1" ind2=" " tag="029"><subfield code="a">AU@</subfield><subfield code="b">000025838851</subfield></datafield><datafield ind1=" " ind2=" " tag="042"><subfield code="a">msc</subfield></datafield><datafield ind1=" " ind2=" " tag="043"><subfield code="a">n-us-mn</subfield></datafield><datafield ind1="0" ind2="0" tag="050"><subfield code="a">Newspaper 8473</subfield></datafield><datafield ind1=" " ind2=" " tag="052"><subfield code="a">4144</subfield><subfield code="b">L185</subfield></datafield><datafield ind1=" " ind2=" " tag="052"><subfield code="a">4143</subfield><subfield code="b">L6</subfield></datafield><datafield ind1="0" ind2="0" tag="245"><subfield code="a">Lake Benton news.</subfield></datafield><datafield ind1=" " ind2=" " tag="260"><subfield code="a">Lake Benton, Minn. :</subfield><subfield code="b">Morse &amp; Chapman</subfield></datafield><datafield ind1=" " ind2=" " tag="300"><subfield code="a">v. :</subfield><subfield code="b">ill. ;</subfield><subfield code="c">61 cm.</subfield></datafield><datafield ind1=" " ind2=" " tag="310"><subfield code="a">Weekly</subfield></datafield><datafield ind1="1" ind2=" " tag="362"><subfield code="a">Began in 1880.</subfield><subfield code="z">Cf. Gregory, Amer. newspapers.</subfield></datafield><datafield ind1="0" ind2=" " tag="362"><subfield code="a">-v. 87, no. 14 (Jan. 26, 1967).</subfield></datafield><datafield ind1=" " ind2=" " tag="588"><subfield code="a">Description based on: Vol. 2, no. 2 (Dec. 27, 1881).</subfield></datafield><datafield ind1=" " ind2="0" tag="651"><subfield code="a">Lake Benton (Minn.)</subfield><subfield code="v">Newspapers.</subfield></datafield><datafield ind1=" " ind2="7" tag="655"><subfield code="a">Newspapers.</subfield><subfield code="2">fast</subfield><subfield code="0">(OCoLC)fst01423814</subfield></datafield><datafield ind1=" " ind2="7" tag="651"><subfield code="a">Minnesota</subfield><subfield code="z">Lake Benton.</subfield><subfield code="2">fast</subfield><subfield code="0">(OCoLC)fst01254552</subfield></datafield><datafield ind1=" " ind2=" " tag="752"><subfield code="a">United States</subfield><subfield code="b">Minnesota</subfield><subfield code="c">Lincoln</subfield><subfield code="d">Lake Benton.</subfield></datafield><datafield ind1="0" ind2="5" tag="780"><subfield code="t">People's protest (Lake Benton, Minn.)</subfield><subfield code="w">(DLC)sn 89064207</subfield></datafield><datafield ind1="0" ind2="5" tag="780"><subfield code="t">Lake Benton topic</subfield><subfield code="w">(DLC)sn 89064213</subfield></datafield><datafield ind1="0" ind2="0" tag="785"><subfield code="t">Lake Benton Valley news</subfield><subfield code="w">(DLC)sn 89064186</subfield></datafield></record>